Campaign ID,Campaign Type,Start Date,End Date,Impressions,Clicks,Conversions,Cost,Target Audience,Device Type,Geographic Region,Ad Content Type,Budget,Revenue,Cost per acquisition,ROI
Campaign_001,Social Media,4/8/2024,7/26/2024,257984,6664.00,2368.00,38877.00,General Public,Desktop,Oceania,Text,27276.00,13705.00,16.42,-6474.78%
Campaign_002,Email,7/26/2024,2/10/2024,79454,27637.00,2088.00,19500.00,Seniors,Desktop,Oceania,Text,21296.00,57367.00,9.34,19418.97%
Campaign_003,Social Media,7/10/2024,6/18/2024,164717,43024.00,874.00,24532.00,Adults,Desktop,Oceania,Carousel,22789.00,67028.00,28.07,17322.68%
Campaign_004,Email,5/25/2024,5/26/2024,328813,2679.00,3033.00,8881.00,General Public,Desktop,Africa,Video,31068.00,23668.00,2.93,16650.15%
Campaign_005,Advertisement,3/1/2024,1/14/2024,10705,29690.00,2952.00,42957.00,Youth,Mobile,Asia,Image,25664.00,95837.00,14.55,12309.98%
Campaign_006,Advertisement,8/1/2024,6/17/2024,167744,19324.00,4328.00,41143.00,General Public,Mobile,South America,Video,95683.00,92254.00,9.51,12422.77%
Campaign_007,Advertisement,3/9/2024,7/11/2024,368046,42584.00,2252.00,6240.00,Adults,Tablet,North America,Carousel,17256.00,26617.00,2.77,32655.45%
Campaign_008,Email,3/27/2024,8/15/2024,67044,44636.00,3623.00,5395.00,Business Professionals,Tablet,Europe,Text,10355.00,93305.00,1.49,162947.17%
Campaign_009,Social Media,2/23/2024,5/7/2024,355725,2950.00,474.00,42685.00,Adults,Tablet,North America,Image,54081.00,86602.00,90.05,10288.63%
Campaign_010,Advertisement,7/11/2024,5/8/2024,243022,25848.00,3199.00,44905.00,Youth,Mobile,Europe,Video,23034.00,23614.00,14.04,-4741.34%
Campaign_011,Advertisement,3/22/2024,1/9/2024,358237,29761.00,3277.00,38160.00,Adults,Tablet,Europe,Image,56854.00,73181.00,11.64,9177.41%
Campaign_012,Social Media,7/27/2024,1/18/2024,327976,38183.00,3324.00,22466.00,Adults,Mobile,North America,Video,86162.00,52091.00,6.76,13186.59%
Campaign_013,Email,6/4/2024,3/29/2024,418838,41203.00,2032.00,23808.00,Seniors,Tablet,South America,Video,60739.00,51666.00,11.72,11701.11%
Campaign_014,Social Media,7/14/2024,4/23/2024,194212,12255.00,4914.00,18812.00,Adults,Desktop,Oceania,Video,75338.00,56041.00,3.83,19790.03%
Campaign_015,Social Media,5/9/2024,3/31/2024,140317,12433.00,132.00,3787.00,Seniors,Tablet,South America,Text,74007.00,44994.00,28.69,108811.72%
Campaign_016,Social Media,6/21/2024,6/29/2024,310466,21946.00,1069.00,29804.00,Seniors,Desktop,Asia,Image,23842.00,39904.00,27.88,3388.81%
Campaign_017,Advertisement,1/1/2024,1/15/2024,492211,49578.00,3632.00,42166.00,Seniors,Desktop,North America,Text,51652.00,84436.00,11.61,10024.66%
Campaign_018,Email,1/27/2024,1/26/2024,39891,26608.00,2980.00,46171.00,Business Professionals,Desktop,North America,Video,58191.00,57827.00,15.49,2524.53%
Campaign_019,Email,1/17/2024,6/15/2024,331521,27834.00,2938.00,15222.00,Business Professionals,Desktop,Asia,Image,85577.00,79248.00,5.18,42061.49%
Campaign_020,Email,4/11/2024,7/19/2024,203884,7795.00,3075.00,1331.00,Seniors,Tablet,Oceania,Text,10367.00,49766.00,0.43,363899.32%
Campaign_021,Advertisement,6/5/2024,5/29/2024,269186,5765.00,386.00,12821.00,Business Professionals,Tablet,Europe,Text,33320.00,84540.00,33.22,55938.69%
Campaign_022,Advertisement,4/20/2024,1/4/2024,33420,1186.00,194.00,29776.00,Youth,Desktop,South America,Video,55411.00,49859.00,153.48,6744.69%
Campaign_023,Social Media,1/15/2024,1/19/2024,96762,26463.00,3956.00,17595.00,Seniors,Tablet,Oceania,Video,53143.00,61322.00,4.45,24851.95%
Campaign_024,Advertisement,2/24/2024,1/26/2024,310862,32949.00,3290.00,43939.00,Seniors,Mobile,Europe,Text,16510.00,74906.00,13.36,7047.73%
Campaign_025,Advertisement,6/16/2024,4/1/2024,272817,21269.00,1334.00,1716.00,General Public,Desktop,Europe,Carousel,51470.00,46349.00,1.29,260099.07%
Campaign_026,Social Media,5/28/2024,2/1/2024,318702,12762.00,1338.00,5257.00,Adults,Tablet,South America,Video,66454.00,37109.00,3.93,60589.69%
Campaign_027,Email,1/23/2024,4/12/2024,83638,28415.00,3592.00,23707.00,General Public,Tablet,North America,Carousel,80385.00,63696.00,6.60,16868.01%
Campaign_028,Social Media,6/2/2024,5/15/2024,381579,6978.00,236.00,21002.00,Seniors,Mobile,Oceania,Image,73238.00,40225.00,88.99,9152.94%
Campaign_029,Social Media,7/25/2024,7/17/2024,261328,21786.00,1859.00,8974.00,Seniors,Mobile,South America,Carousel,33241.00,14810.00,4.83,6503.23%
Campaign_030,Advertisement,1/8/2024,5/29/2024,20834,13534.00,4983.00,43850.00,General Public,Desktop,North America,Video,71570.00,97012.00,8.80,12123.60%
Campaign_031,Advertisement,4/13/2024,1/26/2024,449632,30378.00,2612.00,40776.00,Business Professionals,Desktop,North America,Text,21381.00,48986.00,15.61,2013.44%
Campaign_032,Email,8/5/2024,3/21/2024,213964,30729.00,2512.00,28994.00,General Public,Mobile,South America,Carousel,39228.00,35012.00,11.54,2075.60%
Campaign_033,Advertisement,3/31/2024,8/17/2024,312586,12708.00,898.00,13974.00,Seniors,Desktop,Oceania,Video,17126.00,54114.00,15.56,28724.77%
Campaign_034,Social Media,7/10/2024,8/2/2024,79009,12533.00,4642.00,35433.00,General Public,Desktop,Europe,Video,82949.00,58407.00,7.63,6483.79%
Campaign_035,Advertisement,3/22/2024,7/26/2024,318663,27919.00,4053.00,27519.00,General Public,Tablet,Asia,Image,44108.00,79350.00,6.79,18834.62%
Campaign_036,Social Media,2/5/2024,8/10/2024,356711,47601.00,912.00,35123.00,Adults,Desktop,South America,Image,71425.00,14803.00,38.51,-5785.38%
Campaign_037,Advertisement,2/22/2024,2/11/2024,241291,27752.00,1704.00,4569.00,Adults,Tablet,Europe,Image,79131.00,32426.00,2.68,60969.58%
Campaign_038,Advertisement,5/6/2024,5/8/2024,298763,45982.00,4691.00,24917.00,Seniors,Tablet,Africa,Image,20153.00,28064.00,5.31,1262.99%
Campaign_039,Advertisement,7/2/2024,3/8/2024,269963,24482.00,3260.00,9297.00,Youth,Mobile,Oceania,Text,25898.00,99185.00,2.85,96684.95%
Campaign_040,Email,7/2/2024,4/29/2024,39853,48868.00,453.00,16226.00,Youth,Desktop,Asia,Text,59637.00,20536.00,35.82,2656.23%
Campaign_041,Advertisement,4/21/2024,1/25/2024,29947,26296.00,531.00,9938.00,Adults,Desktop,South America,Video,87147.00,67186.00,18.72,57605.15%
Campaign_042,Advertisement,7/10/2024,1/5/2024,60032,39779.00,350.00,49065.00,Adults,Tablet,Europe,Video,7566.00,73485.00,140.19,4977.07%
Campaign_043,Email,5/13/2024,4/5/2024,215284,2140.00,378.00,25412.00,Youth,Desktop,Africa,Video,78343.00,75291.00,67.23,19628.13%
Campaign_044,Advertisement,6/20/2024,2/27/2024,260028,39907.00,4403.00,42515.00,Business Professionals,Tablet,Europe,Text,74149.00,92746.00,9.66,11814.89%
Campaign_045,Social Media,1/31/2024,4/1/2024,178641,45044.00,2673.00,17043.00,Adults,Desktop,Africa,Video,36010.00,57102.00,6.38,23504.66%
Campaign_046,Advertisement,4/12/2024,5/11/2024,93992,12572.00,859.00,31154.00,General Public,Mobile,Oceania,Video,78206.00,49728.00,36.27,5962.00%
Campaign_047,Email,7/12/2024,2/18/2024,293440,16814.00,1759.00,34026.00,Business Professionals,Desktop,Africa,Carousel,52923.00,30306.00,19.34,-1093.28%
Campaign_048,Advertisement,2/20/2024,3/9/2024,234282,49447.00,1244.00,43223.00,Youth,Mobile,Asia,Video,92997.00,55255.00,34.75,2783.70%
Campaign_049,Advertisement,3/13/2024,1/11/2024,260438,15320.00,2160.00,33719.00,Adults,Mobile,Europe,Text,72257.00,13941.00,15.61,-5865.54%
Campaign_050,Advertisement,4/14/2024,3/27/2024,390271,7361.00,3346.00,26599.00,Youth,Tablet,Asia,Text,99887.00,56291.00,7.95,11162.83%
Campaign_051,Email,5/4/2024,3/9/2024,275020,26756.00,4871.00,19662.00,Youth,Tablet,South America,Text,67175.00,10693.00,4.04,-4561.59%
Campaign_052,Email,1/11/2024,5/30/2024,125687,2483.00,2083.00,35881.00,General Public,Desktop,South America,Video,81812.00,22931.00,17.23,-3609.15%
Campaign_053,Advertisement,7/1/2024,1/29/2024,365704,40639.00,4076.00,7282.00,Business Professionals,Mobile,North America,Image,62529.00,74727.00,1.79,92618.79%
Campaign_054,Social Media,1/20/2024,7/9/2024,421271,49575.00,307.00,16436.00,Business Professionals,Tablet,Africa,Image,57285.00,55722.00,53.54,23902.41%
Campaign_055,Email,5/24/2024,1/3/2024,14858,6787.00,3418.00,22491.00,Adults,Tablet,Asia,Image,64962.00,94036.00,6.58,31810.50%
Campaign_056,Advertisement,7/18/2024,8/4/2024,390144,16516.00,4291.00,8676.00,Seniors,Desktop,Oceania,Carousel,17931.00,29741.00,2.02,24279.62%
Campaign_057,Social Media,3/6/2024,3/24/2024,40856,7809.00,3843.00,46083.00,Adults,Tablet,Africa,Text,79535.00,53784.00,11.99,1671.12%
Campaign_058,Social Media,5/24/2024,2/29/2024,479747,7237.00,2566.00,14832.00,Youth,Desktop,Europe,Text,80487.00,84695.00,5.78,47102.89%
Campaign_059,Social Media,1/25/2024,7/10/2024,143705,34535.00,193.00,24335.00,Adults,Desktop,Africa,Carousel,21588.00,86933.00,126.09,25723.44%
Campaign_060,Social Media,1/4/2024,5/13/2024,371645,25373.00,3473.00,19443.00,Adults,Mobile,Oceania,Carousel,85130.00,71214.00,5.60,26627.06%
Campaign_061,Advertisement,3/12/2024,5/12/2024,288341,10377.00,4110.00,23669.00,Seniors,Mobile,North America,Text,44524.00,81731.00,5.76,24530.82%
Campaign_062,Email,7/24/2024,7/1/2024,195275,21271.00,2322.00,18247.00,Adults,Mobile,Europe,Image,90322.00,78770.00,7.86,33168.74%
Campaign_063,Email,8/8/2024,8/4/2024,77306,17778.00,3662.00,27328.00,Seniors,Desktop,North America,Video,13356.00,97593.00,7.46,25711.72%
Campaign_064,Social Media,8/9/2024,4/10/2024,259307,7129.00,1192.00,29046.00,Business Professionals,Desktop,North America,Video,31034.00,72955.00,24.37,15117.06%
Campaign_065,Social Media,3/16/2024,5/16/2024,111035,21779.00,3933.00,34633.00,Adults,Mobile,Asia,Image,97757.00,48000.00,8.81,3859.61%
Campaign_066,Email,1/12/2024,4/5/2024,407766,3888.00,2433.00,45949.00,Adults,Desktop,Asia,Video,8253.00,62031.00,18.89,3499.97%
Campaign_067,Advertisement,6/17/2024,8/14/2024,138748,6454.00,4872.00,12482.00,Adults,Tablet,North America,Text,57609.00,30503.00,2.56,14437.59%
Campaign_068,Email,5/9/2024,4/3/2024,79864,11537.00,542.00,36509.00,General Public,Desktop,Africa,Carousel,87138.00,90867.00,67.36,14888.93%
Campaign_069,Social Media,6/25/2024,5/26/2024,119770,14048.00,4748.00,37186.00,Seniors,Tablet,North America,Text,88468.00,83694.00,7.83,12506.86%
Campaign_070,Social Media,7/6/2024,3/12/2024,480630,43829.00,2564.00,43597.00,Seniors,Mobile,Europe,Carousel,34919.00,60960.00,17.00,3982.61%
Campaign_071,Social Media,1/8/2024,1/25/2024,409833,33647.00,3914.00,41739.00,Business Professionals,Desktop,Asia,Video,54899.00,87022.00,10.66,10849.09%
Campaign_072,Email,4/11/2024,5/19/2024,139762,39177.00,3996.00,28062.00,General Public,Mobile,Oceania,Carousel,94836.00,19599.00,7.02,-3015.82%
Campaign_073,Email,4/30/2024,5/9/2024,126256,36788.00,1459.00,41680.00,Adults,Tablet,Oceania,Carousel,9408.00,78165.00,28.57,8753.60%
Campaign_074,Advertisement,3/11/2024,5/20/2024,64410,42485.00,246.00,9255.00,Business Professionals,Desktop,Asia,Video,82429.00,15448.00,37.62,6691.52%
Campaign_075,Email,4/23/2024,1/12/2024,351215,14130.00,2424.00,1115.00,Adults,Tablet,North America,Carousel,88193.00,66040.00,0.46,582287.00%
Campaign_076,Email,5/23/2024,3/2/2024,23312,6486.00,3504.00,41230.00,Business Professionals,Mobile,Europe,Image,35695.00,27269.00,11.77,-3386.13%
Campaign_077,Advertisement,6/29/2024,1/5/2024,48679,6050.00,4324.00,23974.00,Business Professionals,Mobile,South America,Carousel,61761.00,92437.00,5.54,28557.19%
Campaign_078,Email,6/6/2024,3/16/2024,119944,43840.00,1970.00,41062.00,Business Professionals,Mobile,Oceania,Image,81638.00,40436.00,20.84,-152.45%
Campaign_079,Advertisement,3/9/2024,3/6/2024,453459,11804.00,2573.00,46335.00,Youth,Tablet,Africa,Image,67958.00,59196.00,18.01,2775.66%
Campaign_080,Email,7/17/2024,5/12/2024,326725,9923.00,3785.00,44644.00,Seniors,Mobile,South America,Video,94075.00,16509.00,11.79,-6302.08%
Campaign_081,Advertisement,8/3/2024,7/30/2024,141175,1466.00,3426.00,10537.00,Youth,Mobile,South America,Carousel,86134.00,96214.00,3.08,81310.62%
Campaign_082,Advertisement,8/14/2024,1/9/2024,170218,40897.00,4815.00,13183.00,Seniors,Desktop,Europe,Text,26993.00,75225.00,2.74,47062.13%
Campaign_083,Advertisement,4/1/2024,1/31/2024,247246,12215.00,4850.00,2377.00,Adults,Mobile,Oceania,Image,45210.00,78281.00,0.49,319326.88%
Campaign_084,Social Media,1/28/2024,6/29/2024,445361,4345.00,4519.00,30567.00,General Public,Tablet,Asia,Video,45186.00,78435.00,6.76,15660.03%
Campaign_085,Advertisement,4/9/2024,8/16/2024,388945,30150.00,403.00,14657.00,General Public,Tablet,Oceania,Carousel,85543.00,88360.00,36.37,50285.19%
Campaign_086,Social Media,4/6/2024,5/16/2024,59254,23805.00,1403.00,42723.00,General Public,Mobile,South America,Carousel,27155.00,69668.00,30.45,6306.91%
Campaign_087,Email,2/7/2024,4/13/2024,347893,16587.00,2435.00,22611.00,General Public,Mobile,Europe,Carousel,46656.00,98717.00,9.29,33658.84%
Campaign_088,Advertisement,3/29/2024,7/25/2024,192891,8838.00,795.00,20711.00,Business Professionals,Tablet,South America,Image,38305.00,17066.00,26.05,-1759.93%
Campaign_089,Social Media,3/13/2024,6/11/2024,261103,13807.00,2651.00,48707.00,Seniors,Mobile,Oceania,Image,18644.00,66256.00,18.37,3602.97%
Campaign_090,Social Media,7/16/2024,8/6/2024,492267,36318.00,1775.00,28066.00,Business Professionals,Tablet,Europe,Video,42999.00,99328.00,15.81,25390.86%
Campaign_091,Email,6/29/2024,1/25/2024,301840,48308.00,632.00,22808.00,General Public,Mobile,Africa,Carousel,80496.00,88128.00,36.09,28639.07%
Campaign_092,Social Media,7/24/2024,1/29/2024,299311,44912.00,205.00,6980.00,Youth,Tablet,Oceania,Text,38316.00,12507.00,34.05,7918.34%
Campaign_093,Advertisement,4/12/2024,6/30/2024,384941,22922.00,3937.00,43164.00,Business Professionals,Mobile,Europe,Video,89856.00,89433.00,10.96,10719.35%
Campaign_094,Social Media,7/15/2024,1/18/2024,63498,18022.00,3987.00,17181.00,General Public,Tablet,North America,Text,53070.00,69052.00,4.31,30190.91%
Campaign_095,Advertisement,6/10/2024,1/20/2024,438828,46610.00,2269.00,33298.00,General Public,Desktop,Africa,Video,34741.00,18607.00,14.68,-4411.98%
Campaign_096,Social Media,8/14/2024,7/4/2024,92331,17664.00,1751.00,4225.00,Business Professionals,Desktop,Africa,Text,38722.00,27121.00,2.41,54191.72%
Campaign_097,Social Media,7/15/2024,1/25/2024,177427,47050.00,2970.00,27862.00,Seniors,Mobile,Africa,Image,25575.00,69807.00,9.38,15054.55%
Campaign_098,Advertisement,2/16/2024,1/23/2024,299908,27842.00,3865.00,36530.00,Adults,Tablet,Africa,Video,6291.00,53611.00,9.45,4675.88%
Campaign_099,Email,3/1/2024,1/4/2024,452763,21647.00,884.00,31971.00,Adults,Mobile,North America,Image,7044.00,80068.00,36.17,15043.95%
Campaign_100,Advertisement,2/7/2024,6/5/2024,204981,11122.00,4939.00,10284.00,Business Professionals,Mobile,South America,Text,62291.00,62221.00,2.08,50502.72%
Campaign_101,Email,3/6/2024,5/28/2024,314860,31294.00,3119.00,45420.00,Business Professionals,Mobile,South America,Text,97767.00,92419.00,14.56,10347.64%
Campaign_102,Email,1/2/2024,8/15/2024,240118,6250.00,584.00,31436.00,Business Professionals,Desktop,North America,Image,41505.00,98724.00,53.83,21404.76%
Campaign_103,Social Media,3/5/2024,4/18/2024,427854,6933.00,4229.00,15998.00,Seniors,Tablet,Africa,Video,27692.00,26606.00,3.78,6630.83%
Campaign_104,Email,1/10/2024,5/1/2024,15843,29124.00,832.00,41836.00,Business Professionals,Desktop,Oceania,Carousel,60941.00,54912.00,50.28,3125.54%
Campaign_105,Email,3/15/2024,7/29/2024,61003,47193.00,3916.00,1977.00,Seniors,Mobile,Europe,Video,95572.00,89641.00,0.50,443419.32%
Campaign_106,Advertisement,2/10/2024,8/2/2024,228098,5122.00,4313.00,26374.00,Adults,Mobile,Africa,Video,35339.00,54868.00,6.12,10803.82%
Campaign_107,Email,3/21/2024,8/15/2024,179670,18371.00,2598.00,15996.00,Youth,Tablet,South America,Text,18413.00,86683.00,6.16,44190.42%
Campaign_108,Advertisement,2/20/2024,8/1/2024,331305,44794.00,3614.00,37399.00,Seniors,Mobile,Europe,Carousel,32215.00,20104.00,10.35,-4624.46%
Campaign_109,Advertisement,3/11/2024,6/8/2024,356822,40911.00,3134.00,13915.00,Business Professionals,Desktop,Europe,Video,36807.00,11845.00,4.44,-1487.60%
Campaign_110,Email,4/30/2024,8/8/2024,495385,19516.00,2493.00,36825.00,General Public,Desktop,Africa,Carousel,98971.00,50394.00,14.77,3684.73%
Campaign_111,Social Media,6/18/2024,7/13/2024,404428,22194.00,2164.00,8183.00,Youth,Desktop,Africa,Carousel,36830.00,64742.00,3.78,69117.68%
Campaign_112,Social Media,7/2/2024,4/19/2024,109968,30225.00,1633.00,38975.00,Seniors,Mobile,Africa,Carousel,50836.00,42277.00,23.87,847.21%
Campaign_113,Social Media,5/24/2024,5/6/2024,430077,26269.00,196.00,17640.00,Youth,Mobile,North America,Image,76427.00,54102.00,90.00,20670.07%
Campaign_114,Email,1/11/2024,5/7/2024,75343,42249.00,3145.00,24522.00,Adults,Tablet,Asia,Image,27221.00,95608.00,7.80,28988.66%
Campaign_115,Advertisement,6/8/2024,5/10/2024,53111,25797.00,2686.00,17776.00,General Public,Mobile,Europe,Text,81536.00,25685.00,6.62,4449.26%
Campaign_116,Social Media,6/13/2024,4/19/2024,434220,5225.00,3815.00,25261.00,Business Professionals,Mobile,Europe,Video,96257.00,96002.00,6.62,28004.04%
Campaign_117,Email,4/5/2024,3/15/2024,190145,30103.00,2548.00,19891.00,Youth,Tablet,Asia,Image,65935.00,58369.00,7.81,19344.43%
Campaign_118,Advertisement,2/6/2024,1/30/2024,351961,26560.00,3072.00,35686.00,Youth,Tablet,South America,Image,17621.00,29388.00,11.62,-1764.84%
Campaign_119,Email,4/28/2024,4/9/2024,442377,30072.00,4742.00,11614.00,Adults,Mobile,Africa,Video,99452.00,48109.00,2.45,31423.28%
Campaign_120,Advertisement,5/20/2024,4/30/2024,282361,39666.00,3518.00,24848.00,Adults,Tablet,Asia,Image,53045.00,63080.00,7.06,15386.35%
Campaign_121,Email,5/26/2024,5/19/2024,12768,3173.00,3604.00,49361.00,Youth,Mobile,North America,Text,46705.00,90556.00,13.70,8345.66%
Campaign_122,Advertisement,7/5/2024,4/17/2024,478336,21500.00,4166.00,17448.00,Youth,Tablet,Europe,Text,19886.00,37386.00,4.19,11427.10%
Campaign_123,Advertisement,3/2/2024,4/9/2024,229439,31386.00,4715.00,22695.00,General Public,Desktop,North America,Video,42351.00,12991.00,4.81,-4275.83%
Campaign_124,Advertisement,3/21/2024,6/4/2024,497391,22657.00,2205.00,11093.00,Business Professionals,Desktop,Oceania,Video,13981.00,92740.00,5.03,73602.27%
Campaign_125,Social Media,1/26/2024,1/5/2024,411785,20343.00,762.00,6459.00,General Public,Desktop,Asia,Text,13363.00,38049.00,8.48,48908.50%
Campaign_126,Email,8/6/2024,6/12/2024,445122,2400.00,1213.00,49933.00,General Public,Mobile,Asia,Carousel,31406.00,80492.00,41.16,6120.00%
Campaign_127,Advertisement,7/6/2024,1/15/2024,441241,22566.00,735.00,31186.00,Adults,Desktop,Africa,Video,51780.00,82107.00,42.43,16328.16%
Campaign_128,Email,6/1/2024,7/2/2024,50271,23362.00,206.00,4305.00,Youth,Tablet,Europe,Text,89513.00,10287.00,20.90,13895.47%
Campaign_129,Email,4/13/2024,8/16/2024,179701,3988.00,3900.00,5790.00,Adults,Desktop,Asia,Carousel,6890.00,50466.00,1.48,77160.62%
Campaign_130,Advertisement,7/3/2024,7/13/2024,489031,25647.00,1419.00,21834.00,Business Professionals,Mobile,Africa,Image,49201.00,94752.00,15.39,33396.54%
Campaign_131,Email,7/30/2024,5/17/2024,83198,49167.00,4739.00,30838.00,Adults,Mobile,North America,Carousel,54079.00,95207.00,6.51,20873.27%
Campaign_132,Social Media,5/27/2024,6/8/2024,362049,24519.00,1728.00,8150.00,Adults,Desktop,Africa,Image,95601.00,93893.00,4.72,105206.13%
Campaign_133,Social Media,5/1/2024,5/1/2024,402398,32748.00,1108.00,39799.00,General Public,Desktop,Africa,Text,69302.00,76794.00,35.92,9295.46%
Campaign_134,Advertisement,5/11/2024,2/23/2024,488692,49652.00,3349.00,33069.00,Adults,Tablet,Europe,Carousel,65268.00,38291.00,9.87,1579.12%
Campaign_135,Social Media,5/12/2024,1/28/2024,119860,42085.00,1549.00,44438.00,General Public,Desktop,Africa,Text,94317.00,78604.00,28.69,7688.46%
Campaign_136,Email,1/21/2024,5/30/2024,350586,21942.00,4130.00,36977.00,Youth,Desktop,Europe,Carousel,31491.00,55244.00,8.95,4940.10%
Campaign_137,Social Media,6/22/2024,7/4/2024,152869,47465.00,1430.00,14961.00,Youth,Tablet,Africa,Video,49217.00,46348.00,10.46,20979.21%
Campaign_138,Email,4/14/2024,7/16/2024,130899,15713.00,2788.00,9466.00,Youth,Tablet,Asia,Image,81474.00,97071.00,3.40,92547.01%
Campaign_139,Email,8/7/2024,1/26/2024,482146,17369.00,4277.00,20264.00,Adults,Mobile,Europe,Carousel,20031.00,28997.00,4.74,4309.61%
Campaign_140,Social Media,1/5/2024,6/30/2024,113223,33405.00,1535.00,7981.00,Business Professionals,Desktop,South America,Carousel,65655.00,28742.00,5.20,26013.03%
Campaign_141,Email,5/22/2024,5/14/2024,293056,33990.00,1566.00,4738.00,General Public,Desktop,North America,Image,72863.00,44229.00,3.03,83349.51%
Campaign_142,Email,3/18/2024,2/28/2024,182875,41165.00,2743.00,31842.00,Adults,Desktop,North America,Carousel,94999.00,77825.00,11.61,14440.99%
Campaign_143,Advertisement,2/19/2024,1/13/2024,253045,12136.00,963.00,12738.00,General Public,Mobile,Oceania,Carousel,25268.00,91620.00,13.23,61926.52%
Campaign_144,Email,2/3/2024,2/28/2024,407639,27250.00,1480.00,9239.00,Adults,Desktop,North America,Image,71823.00,16397.00,6.24,7747.59%
Campaign_145,Advertisement,5/10/2024,7/22/2024,218524,1353.00,1074.00,21361.00,General Public,Desktop,South America,Image,42640.00,92838.00,19.89,33461.45%
Campaign_146,Advertisement,3/17/2024,2/28/2024,486298,7883.00,2658.00,40595.00,Seniors,Mobile,Africa,Video,37874.00,20081.00,15.27,-5053.33%
Campaign_147,Email,3/13/2024,1/10/2024,458949,35493.00,3064.00,40196.00,Adults,Mobile,North America,Video,48008.00,95131.00,13.12,13666.78%
Campaign_148,Advertisement,5/20/2024,3/28/2024,322634,33100.00,4580.00,45029.00,General Public,Desktop,North America,Video,10142.00,75568.00,9.83,6782.07%
Campaign_149,Advertisement,2/14/2024,8/5/2024,360667,47190.00,3951.00,21622.00,Adults,Desktop,Asia,Video,72039.00,26701.00,5.47,2349.00%
Campaign_150,Email,6/27/2024,1/5/2024,216544,44133.00,620.00,29192.00,Youth,Tablet,North America,Carousel,53562.00,74621.00,47.08,15562.14%
Campaign_151,Social Media,4/8/2024,6/4/2024,266927,12564.00,4080.00,29544.00,General Public,Desktop,South America,Video,71907.00,70903.00,7.24,13999.12%
Campaign_152,Email,1/26/2024,1/3/2024,318666,20970.00,2670.00,41234.00,Adults,Tablet,Oceania,Image,40909.00,23580.00,15.44,-4281.42%
Campaign_153,Social Media,4/4/2024,4/7/2024,333660,38593.00,2303.00,1323.00,Youth,Desktop,Oceania,Video,38172.00,68764.00,0.57,509758.13%
Campaign_154,Social Media,5/5/2024,4/20/2024,169959,7811.00,3438.00,10374.00,Youth,Mobile,Europe,Text,9554.00,55361.00,3.02,43365.14%
Campaign_155,Advertisement,7/14/2024,1/21/2024,443040,4968.00,3354.00,3047.00,General Public,Tablet,Asia,Image,51472.00,75417.00,0.91,237512.31%
Campaign_156,Advertisement,2/1/2024,8/11/2024,481260,34595.00,1799.00,40436.00,General Public,Desktop,Oceania,Image,60273.00,16580.00,22.48,-5899.69%
Campaign_157,Social Media,8/1/2024,8/10/2024,219853,35432.00,3999.00,13509.00,Youth,Mobile,Oceania,Text,9755.00,62475.00,3.38,36246.95%
Campaign_158,Advertisement,7/9/2024,4/8/2024,155687,14623.00,4245.00,6112.00,Adults,Desktop,South America,Carousel,94626.00,77024.00,1.44,116020.94%
Campaign_159,Advertisement,6/26/2024,7/5/2024,347533,36512.00,2093.00,23452.00,Youth,Tablet,South America,Video,15910.00,57587.00,11.20,14555.26%
Campaign_160,Advertisement,7/13/2024,1/12/2024,12885,2635.00,4169.00,13278.00,Seniors,Tablet,Asia,Text,10792.00,23555.00,3.18,7739.87%
Campaign_161,Email,3/29/2024,1/16/2024,381214,48292.00,3378.00,3226.00,Youth,Mobile,Africa,Carousel,27216.00,23032.00,0.96,61394.92%
Campaign_162,Social Media,8/14/2024,3/24/2024,142022,13726.00,611.00,9394.00,General Public,Mobile,Europe,Image,56934.00,61829.00,15.37,55817.54%
Campaign_163,Social Media,7/11/2024,1/27/2024,154531,7582.00,643.00,11768.00,Business Professionals,Mobile,Oceania,Text,48170.00,91992.00,18.30,68171.31%
Campaign_164,Advertisement,3/13/2024,5/12/2024,45538,1799.00,2589.00,11962.00,Seniors,Tablet,Europe,Carousel,99849.00,17746.00,4.62,4835.31%
Campaign_165,Advertisement,6/3/2024,6/29/2024,451246,32841.00,2594.00,14185.00,Seniors,Desktop,Europe,Text,16256.00,36186.00,5.47,15510.05%
Campaign_166,Social Media,7/7/2024,5/10/2024,488792,13263.00,2053.00,17732.00,Youth,Mobile,Asia,Carousel,41727.00,45041.00,8.64,15400.97%
Campaign_167,Social Media,5/21/2024,6/4/2024,454968,6936.00,440.00,30222.00,Business Professionals,Tablet,South America,Carousel,44693.00,66233.00,68.69,11915.49%
Campaign_168,Advertisement,3/2/2024,1/24/2024,341920,25937.00,718.00,19717.00,Business Professionals,Mobile,Europe,Video,36367.00,57723.00,27.46,19275.75%
Campaign_169,Social Media,3/3/2024,7/17/2024,439043,17031.00,3359.00,41806.00,Adults,Tablet,North America,Text,63432.00,22879.00,12.45,-4527.34%
Campaign_170,Advertisement,5/25/2024,2/26/2024,89793,2656.00,326.00,28450.00,Business Professionals,Tablet,Asia,Video,99350.00,46062.00,87.27,6190.51%
Campaign_171,Social Media,7/20/2024,1/26/2024,30528,45002.00,3197.00,6750.00,Business Professionals,Desktop,Asia,Video,13044.00,10491.00,2.11,5542.22%
Campaign_172,Email,5/28/2024,6/5/2024,16641,35899.00,2415.00,46657.00,Business Professionals,Desktop,Africa,Carousel,99114.00,77878.00,19.32,6691.60%
Campaign_173,Advertisement,4/15/2024,7/25/2024,351503,6080.00,261.00,47511.00,Adults,Tablet,Oceania,Text,61526.00,93194.00,182.03,9615.25%
Campaign_174,Email,7/9/2024,8/2/2024,42219,21499.00,168.00,9425.00,Adults,Mobile,South America,Video,12722.00,20991.00,56.10,12271.62%
Campaign_175,Advertisement,4/21/2024,7/16/2024,101307,27396.00,1768.00,21845.00,Adults,Mobile,South America,Carousel,18217.00,38080.00,12.36,7431.91%
Campaign_176,Social Media,5/31/2024,3/17/2024,162297,21435.00,1461.00,40907.00,Seniors,Desktop,Africa,Carousel,18365.00,93239.00,28.00,12792.92%
Campaign_177,Advertisement,7/29/2024,1/22/2024,405419,40656.00,1682.00,8404.00,General Public,Desktop,Europe,Carousel,35413.00,88585.00,5.00,95408.14%
Campaign_178,Advertisement,5/1/2024,7/14/2024,29428,33110.00,3835.00,8228.00,Adults,Tablet,North America,Image,51281.00,45909.00,2.15,45796.06%
Campaign_179,Email,7/15/2024,6/3/2024,307622,41144.00,955.00,23363.00,Business Professionals,Mobile,South America,Video,30313.00,40361.00,24.46,7275.61%
Campaign_180,Advertisement,6/22/2024,7/15/2024,128210,13503.00,4891.00,28600.00,Business Professionals,Desktop,Oceania,Carousel,13438.00,90229.00,5.85,21548.60%
Campaign_181,Email,6/28/2024,6/1/2024,80967,35074.00,4250.00,1548.00,Seniors,Tablet,Europe,Video,58566.00,22137.00,0.36,133003.88%
Campaign_182,Social Media,1/1/2024,7/4/2024,299346,10326.00,1215.00,5297.00,Seniors,Tablet,South America,Video,9496.00,93484.00,4.36,166484.80%
Campaign_183,Social Media,1/23/2024,5/24/2024,211391,31867.00,760.00,2401.00,Business Professionals,Desktop,Asia,Video,91021.00,59097.00,3.16,236134.94%
Campaign_184,Advertisement,4/18/2024,5/28/2024,192310,25999.00,614.00,22236.00,Adults,Tablet,Oceania,Text,12475.00,65658.00,36.21,19527.79%
Campaign_185,Advertisement,8/17/2024,7/29/2024,56470,43964.00,4541.00,13662.00,Seniors,Desktop,North America,Image,22896.00,57669.00,3.01,32211.24%
Campaign_186,Email,7/5/2024,3/1/2024,49560,21601.00,2348.00,20657.00,Adults,Desktop,North America,Text,39479.00,94608.00,8.80,35799.49%
Campaign_187,Email,6/3/2024,1/26/2024,354350,3001.00,1529.00,21709.00,Business Professionals,Tablet,South America,Video,15124.00,53160.00,14.20,14487.54%
Campaign_188,Email,1/27/2024,6/2/2024,93306,22086.00,673.00,1592.00,Youth,Mobile,Africa,Carousel,18427.00,81464.00,2.37,501708.54%
Campaign_189,Social Media,3/18/2024,6/21/2024,346721,7392.00,2078.00,43580.00,General Public,Tablet,Oceania,Text,35551.00,97954.00,20.97,12476.82%
Campaign_190,Email,8/13/2024,2/4/2024,447233,25255.00,338.00,32850.00,General Public,Mobile,Oceania,Text,80759.00,93528.00,97.19,18471.23%
Campaign_191,Advertisement,2/19/2024,8/4/2024,255817,17037.00,3568.00,45623.00,Seniors,Tablet,Asia,Image,19514.00,21369.00,12.79,-5316.18%
Campaign_192,Advertisement,1/26/2024,5/14/2024,330259,16475.00,2622.00,27574.00,Seniors,Desktop,South America,Image,35553.00,27186.00,10.52,-140.71%
Campaign_193,Email,7/5/2024,4/16/2024,290130,4388.00,834.00,45679.00,Adults,Tablet,North America,Video,9773.00,62378.00,54.77,3655.73%
Campaign_194,Social Media,8/16/2024,2/21/2024,191074,8962.00,746.00,36575.00,Youth,Mobile,Asia,Image,46276.00,87102.00,49.03,13814.63%
Campaign_195,Email,1/30/2024,1/30/2024,404928,48602.00,3874.00,1191.00,Business Professionals,Desktop,Africa,Video,70124.00,13191.00,0.31,100755.67%
Campaign_196,Advertisement,1/20/2024,5/29/2024,87226,36677.00,3739.00,34383.00,Youth,Tablet,Europe,Image,85325.00,89495.00,9.20,16028.85%
Campaign_197,Social Media,4/22/2024,4/3/2024,22873,42505.00,1060.00,28691.00,Seniors,Mobile,Asia,Image,96815.00,29816.00,27.07,392.11%
Campaign_198,Social Media,5/3/2024,7/5/2024,370569,35096.00,3093.00,14649.00,Adults,Tablet,South America,Text,57849.00,43505.00,4.74,19698.27%
Campaign_199,Social Media,2/1/2024,6/15/2024,362921,11338.00,4091.00,12830.00,General Public,Mobile,Oceania,Video,75423.00,52132.00,3.14,30632.89%
Campaign_200,Advertisement,6/15/2024,1/25/2024,393433,14980.00,3352.00,14275.00,Youth,Tablet,Asia,Text,66901.00,57692.00,4.26,30414.71%
Campaign_201,Social Media,1/11/2024,8/4/2024,287846,9131.00,3182.00,13614.00,General Public,Mobile,Oceania,Text,31941.00,99886.00,4.28,63370.06%
Campaign_202,Email,3/28/2024,6/20/2024,404606,9143.00,2439.00,23062.00,Adults,Mobile,North America,Text,71613.00,87356.00,9.46,27878.76%
Campaign_203,Email,5/29/2024,3/31/2024,454446,10475.00,2341.00,45686.00,Seniors,Desktop,South America,Carousel,61748.00,64671.00,19.52,4155.54%
Campaign_204,Social Media,7/31/2024,7/1/2024,311066,41350.00,3607.00,47345.00,Adults,Desktop,South America,Image,52228.00,82088.00,13.13,7338.26%
Campaign_205,Advertisement,1/20/2024,5/26/2024,99047,46556.00,4586.00,42407.00,Seniors,Tablet,South America,Image,49110.00,42939.00,9.25,125.45%
Campaign_206,Email,6/25/2024,4/26/2024,279821,33658.00,2480.00,46219.00,Youth,Mobile,Oceania,Video,47708.00,92966.00,18.64,10114.24%
Campaign_207,Social Media,8/4/2024,7/28/2024,223767,19499.00,2264.00,39649.00,Youth,Tablet,Oceania,Text,45706.00,58315.00,17.51,4707.81%
Campaign_208,Social Media,3/18/2024,6/11/2024,110556,28858.00,529.00,15275.00,Business Professionals,Mobile,South America,Video,68006.00,39736.00,28.88,16013.75%
Campaign_209,Advertisement,7/31/2024,6/8/2024,263382,15933.00,988.00,21125.00,Youth,Desktop,Oceania,Text,56583.00,72751.00,21.38,24438.34%
Campaign_210,Email,7/17/2024,1/18/2024,317263,33526.00,3523.00,34842.00,Adults,Tablet,Europe,Carousel,86405.00,70027.00,9.89,10098.44%
Campaign_211,Email,4/12/2024,6/22/2024,209479,6678.00,2019.00,8518.00,Business Professionals,Desktop,South America,Video,57139.00,45048.00,4.22,42885.65%
Campaign_212,Email,6/8/2024,6/30/2024,142676,5479.00,2468.00,40780.00,Seniors,Mobile,Oceania,Carousel,9001.00,64893.00,16.52,5912.95%
Campaign_213,Email,3/1/2024,1/2/2024,398899,28784.00,4240.00,31222.00,Adults,Mobile,South America,Video,11351.00,35881.00,7.36,1492.22%
Campaign_214,Email,7/17/2024,3/23/2024,83895,38928.00,2625.00,24116.00,Youth,Desktop,North America,Text,89238.00,48295.00,9.19,10026.12%
Campaign_215,Advertisement,2/16/2024,1/17/2024,12222,27549.00,1670.00,1472.00,Adults,Desktop,Africa,Carousel,97453.00,64014.00,0.88,424877.72%
Campaign_216,Social Media,5/30/2024,4/7/2024,364469,2051.00,3196.00,49383.00,Youth,Tablet,Asia,Carousel,43459.00,85831.00,15.45,7380.68%
Campaign_217,Email,7/13/2024,2/18/2024,178483,17833.00,4111.00,49643.00,Seniors,Tablet,North America,Video,80344.00,57413.00,12.08,1565.18%
Campaign_218,Social Media,7/25/2024,3/16/2024,99589,10411.00,2373.00,24790.00,Business Professionals,Tablet,Asia,Text,72233.00,77694.00,10.45,21340.86%
Campaign_219,Email,8/16/2024,5/3/2024,38431,23183.00,3992.00,28762.00,General Public,Mobile,Africa,Image,75059.00,90743.00,7.20,21549.61%
Campaign_220,Email,7/13/2024,6/9/2024,149004,13551.00,1072.00,4413.00,Business Professionals,Desktop,Africa,Video,13405.00,54372.00,4.12,113208.70%
Campaign_221,Email,3/25/2024,2/2/2024,462852,17577.00,4442.00,44151.00,General Public,Tablet,North America,Text,33261.00,69617.00,9.94,5767.93%
Campaign_222,Advertisement,6/21/2024,4/19/2024,377167,32705.00,3189.00,3846.00,Youth,Desktop,Europe,Text,83531.00,79432.00,1.21,196531.46%
Campaign_223,Social Media,2/1/2024,1/10/2024,425089,40290.00,2381.00,7159.00,Adults,Desktop,Oceania,Image,70319.00,61739.00,3.01,76239.70%
Campaign_224,Email,1/5/2024,5/28/2024,423864,3719.00,4195.00,30665.00,General Public,Mobile,Africa,Text,82096.00,26622.00,7.31,-1318.44%
Campaign_225,Social Media,4/1/2024,3/18/2024,459738,26314.00,3986.00,18176.00,Business Professionals,Tablet,Asia,Text,93025.00,42151.00,4.56,13190.47%
Campaign_226,Email,3/10/2024,2/2/2024,365189,6918.00,3805.00,5829.00,Youth,Desktop,Oceania,Image,86100.00,84575.00,1.53,135093.50%
Campaign_227,Advertisement,6/26/2024,2/24/2024,240633,39254.00,4598.00,43930.00,Seniors,Desktop,Africa,Carousel,29350.00,36647.00,9.55,-1657.86%
Campaign_228,Email,2/14/2024,1/21/2024,204942,49229.00,4031.00,29008.00,General Public,Tablet,North America,Carousel,30326.00,39234.00,7.20,3525.23%
Campaign_229,Advertisement,1/6/2024,5/20/2024,74301,23095.00,4998.00,40256.00,Youth,Desktop,South America,Carousel,89573.00,96011.00,8.05,13850.11%
Campaign_230,Email,1/11/2024,6/3/2024,194949,5754.00,1121.00,33637.00,Adults,Tablet,South America,Carousel,38509.00,81853.00,30.01,14334.22%
Campaign_231,Social Media,4/23/2024,6/10/2024,368118,3464.00,321.00,1049.00,Business Professionals,Mobile,South America,Video,49873.00,53120.00,3.27,496387.04%
Campaign_232,Email,7/26/2024,2/22/2024,103710,43146.00,3352.00,41685.00,Business Professionals,Tablet,Asia,Video,40786.00,84242.00,12.44,10209.19%
Campaign_233,Email,7/6/2024,3/1/2024,306485,2519.00,4078.00,6059.00,Adults,Tablet,Oceania,Text,37990.00,91722.00,1.49,141381.42%
Campaign_234,Email,4/24/2024,6/10/2024,219311,23252.00,1269.00,10728.00,Seniors,Tablet,Oceania,Carousel,48225.00,45276.00,8.45,32203.58%
Campaign_235,Advertisement,1/23/2024,7/8/2024,270553,43768.00,4565.00,10894.00,Business Professionals,Mobile,Oceania,Image,50825.00,90862.00,2.39,73405.54%
Campaign_236,Social Media,1/28/2024,2/5/2024,231957,1912.00,1327.00,32511.00,General Public,Mobile,South America,Text,36826.00,64671.00,24.50,9892.04%
Campaign_237,Social Media,3/22/2024,7/22/2024,215382,29084.00,454.00,39649.00,Youth,Tablet,Oceania,Text,21297.00,95770.00,87.33,14154.46%
Campaign_238,Advertisement,6/11/2024,5/23/2024,372727,48415.00,4375.00,28573.00,General Public,Desktop,Asia,Text,51397.00,17030.00,6.53,-4039.83%
Campaign_239,Email,1/30/2024,7/29/2024,290718,30759.00,212.00,45190.00,Youth,Desktop,South America,Image,86867.00,87302.00,213.16,9318.88%
Campaign_240,Email,2/6/2024,5/27/2024,120572,30978.00,3418.00,11411.00,Adults,Desktop,Africa,Image,80972.00,22416.00,3.34,9644.20%
Campaign_241,Email,6/26/2024,1/27/2024,432551,28634.00,1198.00,37792.00,General Public,Desktop,Europe,Image,30027.00,54604.00,31.55,4448.56%
Campaign_242,Advertisement,6/28/2024,2/26/2024,139148,44737.00,1511.00,41292.00,Youth,Mobile,Oceania,Image,42057.00,30402.00,27.33,-2637.31%
Campaign_243,Social Media,6/8/2024,6/5/2024,475226,42161.00,1577.00,32649.00,Business Professionals,Tablet,Asia,Text,39294.00,77314.00,20.70,13680.36%
Campaign_244,Email,3/24/2024,7/19/2024,45092,40540.00,1433.00,41324.00,Business Professionals,Tablet,Africa,Image,12625.00,32516.00,28.84,-2131.45%
Campaign_245,Email,1/30/2024,8/2/2024,335715,8178.00,2676.00,19789.00,Business Professionals,Desktop,South America,Video,75821.00,12498.00,7.39,-3684.37%
Campaign_246,Email,1/2/2024,2/20/2024,30657,33867.00,4984.00,45271.00,Youth,Desktop,Oceania,Image,50224.00,78580.00,9.08,7357.69%
Campaign_247,Advertisement,1/2/2024,8/11/2024,354278,30974.00,1148.00,27749.00,Seniors,Mobile,Asia,Text,94978.00,57644.00,24.17,10773.36%
Campaign_248,Social Media,3/4/2024,4/8/2024,94944,38223.00,1659.00,24362.00,Adults,Tablet,Asia,Carousel,51527.00,60473.00,14.68,14822.67%
Campaign_249,Advertisement,1/4/2024,1/30/2024,434189,36374.00,2184.00,18743.00,Business Professionals,Desktop,North America,Video,61061.00,21922.00,8.58,1696.10%
Campaign_250,Email,3/3/2024,6/30/2024,49060,16716.00,3091.00,4399.00,Adults,Desktop,Europe,Image,65786.00,12518.00,1.42,18456.47%
Campaign_251,Email,6/16/2024,1/6/2024,170425,43981.00,2395.00,33066.00,Youth,Tablet,North America,Image,57310.00,46298.00,13.81,4001.69%
Campaign_252,Advertisement,5/14/2024,6/5/2024,176636,17757.00,4582.00,2944.00,Business Professionals,Desktop,North America,Image,9630.00,60960.00,0.64,197065.22%
Campaign_253,Email,7/16/2024,1/6/2024,249600,1234.00,2021.00,4833.00,Adults,Desktop,Europe,Video,69784.00,18455.00,2.39,28185.39%
Campaign_254,Advertisement,5/13/2024,1/31/2024,285406,3711.00,1092.00,1053.00,Adults,Tablet,Oceania,Image,35847.00,86051.00,0.96,807198.48%
Campaign_255,Social Media,5/25/2024,6/16/2024,227459,22989.00,4598.00,41362.00,Youth,Tablet,Oceania,Text,60932.00,19756.00,9.00,-5223.64%
Campaign_256,Social Media,7/9/2024,4/20/2024,481623,34589.00,3066.00,21409.00,Youth,Desktop,Oceania,Video,23310.00,62828.00,6.98,19346.54%
Campaign_257,Social Media,4/29/2024,5/20/2024,360617,16737.00,1094.00,26341.00,Seniors,Desktop,Oceania,Image,57231.00,17004.00,24.08,-3544.66%
Campaign_258,Email,5/8/2024,5/3/2024,219719,3534.00,4590.00,1838.00,Business Professionals,Mobile,Africa,Carousel,80670.00,20774.00,0.40,103025.03%
Campaign_259,Advertisement,7/29/2024,7/19/2024,491016,5248.00,1956.00,35770.00,Seniors,Mobile,South America,Text,61705.00,84059.00,18.29,13499.86%
Campaign_260,Social Media,2/28/2024,4/9/2024,392779,22025.00,2084.00,15748.00,General Public,Desktop,Europe,Text,82268.00,87092.00,7.56,45303.53%
Campaign_261,Email,4/14/2024,6/5/2024,268926,17262.00,4294.00,29263.00,Adults,Desktop,Europe,Carousel,25125.00,21562.00,6.81,-2631.65%
Campaign_262,Advertisement,2/17/2024,5/8/2024,367105,42175.00,3126.00,26304.00,Youth,Tablet,Oceania,Image,59530.00,23093.00,8.41,-1220.73%
Campaign_263,Social Media,2/10/2024,2/21/2024,165435,43638.00,1995.00,38264.00,General Public,Mobile,Africa,Carousel,28583.00,43806.00,19.18,1448.36%
Campaign_264,Social Media,2/3/2024,1/21/2024,427814,6511.00,2163.00,27098.00,General Public,Mobile,North America,Text,96682.00,72047.00,12.53,16587.57%
Campaign_265,Advertisement,1/30/2024,1/31/2024,315756,1968.00,498.00,12961.00,Seniors,Mobile,Europe,Carousel,84482.00,40386.00,26.03,21159.63%
Campaign_266,Social Media,4/7/2024,2/6/2024,44401,36073.00,4665.00,43025.00,Seniors,Tablet,North America,Image,21119.00,27780.00,9.22,-3543.29%
Campaign_267,Social Media,2/10/2024,5/18/2024,432014,36273.00,2996.00,44659.00,Youth,Mobile,Asia,Carousel,6614.00,35804.00,14.91,-1982.80%
Campaign_268,Advertisement,4/9/2024,1/24/2024,465578,14093.00,3919.00,6698.00,Business Professionals,Desktop,Asia,Video,18827.00,16805.00,1.71,15089.58%
Campaign_269,Social Media,4/27/2024,3/13/2024,378493,39005.00,934.00,5003.00,Seniors,Desktop,Africa,Image,31341.00,16720.00,5.36,23419.95%
Campaign_270,Email,2/14/2024,1/25/2024,115530,42855.00,2720.00,44413.00,Youth,Tablet,North America,Image,17376.00,19290.00,16.33,-5656.68%
Campaign_271,Email,8/5/2024,7/17/2024,206379,12913.00,4126.00,6913.00,General Public,Desktop,Europe,Image,48767.00,98989.00,1.68,133192.54%
Campaign_272,Social Media,3/31/2024,6/23/2024,41018,9701.00,4242.00,39865.00,Seniors,Desktop,South America,Image,19159.00,70468.00,9.40,7676.66%
Campaign_273,Advertisement,5/4/2024,6/21/2024,314912,11443.00,3196.00,30733.00,Youth,Mobile,North America,Text,7467.00,37418.00,9.62,2175.19%
Campaign_274,Social Media,7/4/2024,2/2/2024,48151,19681.00,3522.00,7970.00,Seniors,Tablet,Africa,Text,86325.00,33145.00,2.26,31587.20%
Campaign_275,Advertisement,5/7/2024,5/27/2024,396296,44594.00,4873.00,28211.00,Seniors,Mobile,North America,Carousel,48820.00,28941.00,5.79,258.76%
Campaign_276,Advertisement,8/3/2024,6/13/2024,141846,8106.00,2368.00,6211.00,Seniors,Mobile,Oceania,Image,92118.00,48623.00,2.62,68285.30%
Campaign_277,Email,1/31/2024,4/4/2024,195669,10043.00,2933.00,36677.00,Business Professionals,Desktop,Europe,Text,61773.00,63290.00,12.50,7256.05%
Campaign_278,Email,3/22/2024,6/21/2024,74743,42624.00,1300.00,5392.00,Business Professionals,Desktop,Asia,Carousel,47865.00,55867.00,4.15,93610.91%
Campaign_279,Advertisement,1/23/2024,8/14/2024,19752,4219.00,4712.00,26329.00,Adults,Mobile,Africa,Image,23611.00,19879.00,5.59,-2449.77%
Campaign_280,Advertisement,6/17/2024,6/16/2024,462171,34724.00,1905.00,39007.00,Seniors,Tablet,Africa,Carousel,9966.00,25399.00,20.48,-3488.60%
Campaign_281,Email,7/1/2024,2/9/2024,125178,8267.00,2245.00,20783.00,General Public,Tablet,Europe,Video,30122.00,86736.00,9.26,31734.11%
Campaign_282,Advertisement,5/3/2024,7/30/2024,99922,28746.00,1982.00,35329.00,Youth,Desktop,Europe,Video,54493.00,28557.00,17.82,-1916.84%
Campaign_283,Advertisement,1/27/2024,3/19/2024,443329,7916.00,3160.00,32006.00,Youth,Mobile,North America,Carousel,57636.00,57885.00,10.13,8085.67%
Campaign_284,Advertisement,1/1/2024,1/13/2024,407865,32593.00,1502.00,40497.00,Youth,Tablet,Africa,Carousel,98292.00,34872.00,26.96,-1388.99%
Campaign_285,Advertisement,7/30/2024,7/24/2024,439028,4154.00,388.00,26869.00,Youth,Tablet,Oceania,Image,70634.00,43223.00,69.25,6086.57%
Campaign_286,Social Media,6/3/2024,1/3/2024,344181,4267.00,2470.00,42620.00,Business Professionals,Mobile,Africa,Image,66396.00,13193.00,17.26,-6904.50%
Campaign_287,Social Media,6/19/2024,5/21/2024,272698,2521.00,4042.00,22531.00,Youth,Tablet,Asia,Carousel,31738.00,76725.00,5.57,24053.08%
Campaign_288,Email,7/30/2024,8/17/2024,401950,9668.00,3769.00,31303.00,Youth,Mobile,Africa,Text,72424.00,59266.00,8.31,8933.01%
Campaign_289,Social Media,4/6/2024,8/3/2024,440618,42114.00,666.00,38659.00,Business Professionals,Desktop,Africa,Carousel,51364.00,57939.00,58.05,4987.20%
Campaign_290,Email,4/11/2024,8/14/2024,191201,29275.00,4207.00,6195.00,Adults,Mobile,South America,Text,18479.00,73125.00,1.47,108038.74%
Campaign_291,Advertisement,8/10/2024,6/8/2024,139716,38161.00,3562.00,42063.00,General Public,Mobile,Europe,Image,42121.00,17283.00,11.81,-5891.16%
Campaign_292,Email,5/13/2024,6/13/2024,394394,48678.00,2399.00,34217.00,Business Professionals,Desktop,Asia,Carousel,99227.00,67889.00,14.26,9840.72%
Campaign_293,Email,4/6/2024,7/2/2024,455054,28049.00,4934.00,34957.00,Business Professionals,Tablet,Europe,Carousel,76657.00,21347.00,7.08,-3893.35%
Campaign_294,Email,7/17/2024,1/3/2024,47042,11403.00,1309.00,23385.00,General Public,Mobile,North America,Text,66509.00,12506.00,17.86,-4652.13%
Campaign_295,Social Media,2/2/2024,1/26/2024,75715,6242.00,4893.00,35423.00,Adults,Mobile,Europe,Video,41861.00,59946.00,7.24,6922.90%
Campaign_296,Email,7/14/2024,7/17/2024,437291,25367.00,1345.00,42573.00,General Public,Mobile,Africa,Video,51703.00,64763.00,31.65,5212.22%
Campaign_297,Advertisement,2/3/2024,1/17/2024,305560,28438.00,2464.00,29909.00,Adults,Mobile,Asia,Carousel,78738.00,10314.00,12.14,-6551.54%
Campaign_298,Email,1/9/2024,6/4/2024,20453,34474.00,1606.00,45960.00,Business Professionals,Desktop,Africa,Carousel,80191.00,14325.00,28.62,-6883.16%
Campaign_299,Social Media,7/23/2024,8/13/2024,295261,10510.00,3092.00,46122.00,Youth,Mobile,Africa,Carousel,7423.00,13962.00,14.92,-6972.81%
Campaign_300,Social Media,2/19/2024,6/25/2024,32821,4874.00,1464.00,26377.00,Business Professionals,Desktop,South America,Text,90699.00,43157.00,18.02,6361.60%
Campaign_301,Social Media,2/16/2024,3/8/2024,223032,39627.00,2130.00,6210.00,Adults,Desktop,North America,Text,17992.00,75649.00,2.92,111818.04%
Campaign_302,Email,2/17/2024,2/2/2024,240900,10586.00,4863.00,6635.00,Youth,Desktop,South America,Image,85905.00,85207.00,1.36,118420.50%
Campaign_303,Advertisement,5/27/2024,6/10/2024,405916,16969.00,4266.00,10727.00,Youth,Desktop,Europe,Text,9459.00,46744.00,2.51,33576.02%
Campaign_304,Email,2/16/2024,6/9/2024,89756,20222.00,1248.00,26697.00,Youth,Desktop,Europe,Video,53327.00,15861.00,21.39,-4058.88%
Campaign_305,Social Media,4/26/2024,8/18/2024,271584,16865.00,3603.00,32511.00,Adults,Tablet,Africa,Video,65438.00,58744.00,9.02,8068.96%
Campaign_306,Email,7/3/2024,5/8/2024,18259,29281.00,3618.00,3153.00,General Public,Desktop,Europe,Carousel,26385.00,58830.00,0.87,176584.21%
Campaign_307,Email,6/8/2024,1/10/2024,223432,10595.00,1816.00,8070.00,Business Professionals,Mobile,South America,Carousel,17925.00,83822.00,4.44,93868.65%
Campaign_308,Advertisement,2/1/2024,3/28/2024,91343,12400.00,3267.00,40838.00,Seniors,Tablet,South America,Video,60692.00,16860.00,12.50,-5871.49%
Campaign_309,Advertisement,4/15/2024,8/13/2024,11469,40904.00,1818.00,19911.00,Youth,Mobile,Africa,Carousel,13901.00,10441.00,10.95,-4756.16%
Campaign_310,Email,7/7/2024,2/4/2024,451139,28910.00,751.00,29188.00,Seniors,Desktop,Europe,Video,86477.00,85099.00,38.87,19155.47%
Campaign_311,Advertisement,1/23/2024,2/7/2024,67899,45190.00,4450.00,24595.00,General Public,Mobile,Asia,Carousel,13908.00,84336.00,5.53,24289.90%
Campaign_312,Social Media,4/18/2024,1/14/2024,208343,21608.00,3135.00,16393.00,Seniors,Mobile,Europe,Video,58285.00,74541.00,5.23,35471.24%
Campaign_313,Email,7/3/2024,7/30/2024,153419,35337.00,3256.00,36966.00,Youth,Desktop,Asia,Carousel,92593.00,84018.00,11.35,12728.45%
Campaign_314,Social Media,4/25/2024,7/21/2024,113141,15066.00,3216.00,29347.00,Business Professionals,Desktop,Africa,Text,57670.00,12780.00,9.13,-5645.21%
Campaign_315,Social Media,5/23/2024,5/18/2024,211515,42148.00,1985.00,49343.00,Seniors,Tablet,Europe,Image,9458.00,96236.00,24.86,9503.48%
Campaign_316,Advertisement,5/11/2024,1/31/2024,261609,37179.00,4846.00,4137.00,Youth,Mobile,South America,Video,61310.00,83228.00,0.85,191179.60%
Campaign_317,Email,5/11/2024,8/4/2024,40088,33227.00,4171.00,2037.00,Business Professionals,Tablet,Oceania,Carousel,50457.00,10963.00,0.49,43819.34%
Campaign_318,Advertisement,2/1/2024,5/1/2024,432461,7635.00,2337.00,2992.00,Adults,Mobile,Europe,Video,29577.00,38977.00,1.28,120270.72%
Campaign_319,Advertisement,5/17/2024,6/3/2024,199299,1740.00,4694.00,25748.00,Business Professionals,Desktop,Asia,Text,58876.00,24412.00,5.49,-518.88%
Campaign_320,Social Media,5/10/2024,7/28/2024,165097,17818.00,3112.00,14535.00,General Public,Tablet,Africa,Video,54272.00,90216.00,4.67,52068.11%
Campaign_321,Advertisement,6/27/2024,3/6/2024,126591,43219.00,3909.00,38552.00,Seniors,Desktop,Europe,Carousel,17325.00,17117.00,9.86,-5560.02%
Campaign_322,Social Media,4/25/2024,8/10/2024,318064,13641.00,940.00,25170.00,Seniors,Mobile,Asia,Text,23190.00,37310.00,26.78,4823.20%
Campaign_323,Social Media,3/14/2024,1/20/2024,305109,37087.00,3532.00,7715.00,Youth,Desktop,South America,Video,79432.00,84313.00,2.18,99284.51%
Campaign_324,Email,1/11/2024,4/15/2024,443333,22517.00,3045.00,32569.00,Adults,Tablet,South America,Text,13101.00,86197.00,10.70,16465.96%
Campaign_325,Social Media,4/9/2024,3/17/2024,22565,17995.00,1373.00,18525.00,Business Professionals,Mobile,Asia,Image,34010.00,86858.00,13.49,36886.91%
Campaign_326,Email,8/15/2024,5/9/2024,74642,46791.00,4964.00,21337.00,Seniors,Mobile,South America,Image,12739.00,18711.00,4.30,-1230.73%
Campaign_327,Email,1/20/2024,2/14/2024,472470,38800.00,311.00,19343.00,Seniors,Mobile,South America,Carousel,93888.00,86695.00,62.20,34819.83%
Campaign_328,Social Media,7/31/2024,1/7/2024,431940,44181.00,1571.00,45489.00,Seniors,Mobile,Asia,Video,65985.00,29269.00,28.96,-3565.70%
Campaign_329,Email,7/14/2024,7/2/2024,33189,37277.00,1988.00,16446.00,Seniors,Tablet,Oceania,Video,26002.00,79082.00,8.27,38085.86%
Campaign_330,Email,8/5/2024,2/8/2024,126822,4477.00,2723.00,33498.00,Adults,Desktop,Africa,Text,66851.00,83831.00,12.30,15025.67%
Campaign_331,Advertisement,4/19/2024,1/20/2024,372929,37075.00,535.00,29713.00,Adults,Mobile,Oceania,Text,19556.00,84822.00,55.54,18547.10%
Campaign_332,Email,6/27/2024,8/3/2024,62379,28656.00,324.00,47301.00,Business Professionals,Tablet,North America,Text,67051.00,10662.00,145.99,-7745.93%
Campaign_333,Email,4/3/2024,5/18/2024,72671,33912.00,4765.00,33214.00,General Public,Tablet,Africa,Text,74232.00,34560.00,6.97,405.25%
Campaign_334,Advertisement,4/29/2024,6/26/2024,109199,26117.00,2651.00,43127.00,Youth,Tablet,Africa,Carousel,26409.00,98265.00,16.27,12785.03%
Campaign_335,Advertisement,5/17/2024,7/11/2024,389024,26651.00,4566.00,3727.00,Business Professionals,Tablet,Europe,Text,22560.00,66249.00,0.82,167754.23%
Campaign_336,Social Media,8/10/2024,2/23/2024,449004,47391.00,1491.00,36676.00,Youth,Mobile,South America,Video,63464.00,31097.00,24.60,-1521.16%
Campaign_337,Social Media,6/28/2024,2/16/2024,151501,46467.00,467.00,23730.00,Seniors,Tablet,Europe,Text,18410.00,37873.00,50.81,5959.97%
Campaign_338,Social Media,8/8/2024,1/23/2024,10980,3267.00,2687.00,4651.00,Business Professionals,Mobile,Asia,Carousel,79385.00,67254.00,1.73,134601.16%
Campaign_339,Email,7/6/2024,3/21/2024,462040,17236.00,669.00,13021.00,Business Professionals,Desktop,Asia,Video,6516.00,99158.00,19.46,66152.37%
Campaign_340,Email,6/22/2024,8/13/2024,175741,18103.00,3465.00,6558.00,General Public,Desktop,Africa,Carousel,61838.00,16099.00,1.89,14548.64%
Campaign_341,Email,1/18/2024,1/23/2024,91625,22806.00,496.00,30173.00,Seniors,Mobile,North America,Carousel,68032.00,22713.00,60.83,-2472.41%
Campaign_342,Email,6/30/2024,7/25/2024,161654,22280.00,4935.00,34006.00,Business Professionals,Desktop,Oceania,Video,74727.00,96902.00,6.89,18495.56%
Campaign_343,Social Media,7/29/2024,5/10/2024,390947,14379.00,4108.00,27983.00,General Public,Desktop,Asia,Video,99069.00,44031.00,6.81,5734.91%
Campaign_344,Advertisement,3/16/2024,8/15/2024,244930,31642.00,2492.00,29013.00,Business Professionals,Desktop,Africa,Carousel,81638.00,97705.00,11.64,23676.28%
Campaign_345,Advertisement,1/22/2024,8/18/2024,456250,46064.00,4811.00,18709.00,Business Professionals,Tablet,South America,Image,31617.00,71022.00,3.89,27961.41%
Campaign_346,Social Media,3/30/2024,3/18/2024,387061,14413.00,3985.00,45726.00,Adults,Tablet,Oceania,Carousel,29217.00,40833.00,11.47,-1070.07%
Campaign_347,Advertisement,2/20/2024,8/9/2024,374324,9939.00,559.00,16508.00,Seniors,Tablet,South America,Text,95060.00,19179.00,29.53,1618.00%
Campaign_348,Email,7/20/2024,1/3/2024,292190,11023.00,459.00,6828.00,Seniors,Tablet,Europe,Video,84546.00,90284.00,14.88,122226.13%
Campaign_349,Email,6/24/2024,2/4/2024,287451,6000.00,4002.00,9603.00,Adults,Desktop,Oceania,Text,49673.00,54977.00,2.40,47249.82%
Campaign_350,Advertisement,3/1/2024,6/11/2024,430621,6358.00,1770.00,16930.00,General Public,Tablet,Africa,Video,65198.00,61784.00,9.56,26493.80%
Campaign_351,Social Media,8/9/2024,3/9/2024,72700,35867.00,4258.00,45660.00,Business Professionals,Desktop,Asia,Video,88860.00,64970.00,10.72,4229.08%
Campaign_352,Advertisement,2/19/2024,1/20/2024,334034,27814.00,4068.00,40829.00,General Public,Mobile,Asia,Carousel,78565.00,21762.00,10.04,-4669.96%
Campaign_353,Advertisement,8/13/2024,8/5/2024,276117,39593.00,1102.00,11750.00,Business Professionals,Mobile,Oceania,Carousel,49934.00,49971.00,10.66,32528.51%
Campaign_354,Email,3/17/2024,3/5/2024,38707,22142.00,1625.00,19052.00,Youth,Mobile,Asia,Image,35826.00,55410.00,11.72,19083.56%
Campaign_355,Social Media,3/7/2024,2/1/2024,456168,21131.00,1977.00,7041.00,Youth,Tablet,North America,Text,75748.00,69938.00,3.56,89329.64%
Campaign_356,Advertisement,3/23/2024,6/26/2024,39515,10539.00,3099.00,26369.00,Youth,Desktop,Europe,Carousel,58534.00,94162.00,8.51,25709.36%
Campaign_357,Social Media,7/24/2024,7/14/2024,279040,37847.00,1747.00,21638.00,Seniors,Desktop,North America,Carousel,13880.00,94065.00,12.39,33472.13%
Campaign_358,Advertisement,2/21/2024,2/17/2024,22338,7934.00,874.00,22666.00,Youth,Desktop,Oceania,Text,24802.00,73010.00,25.93,22211.24%
Campaign_359,Social Media,6/3/2024,6/26/2024,229960,22153.00,1142.00,3584.00,Adults,Tablet,Oceania,Image,37750.00,67966.00,3.14,179637.28%
Campaign_360,Social Media,1/1/2024,6/5/2024,111390,3491.00,2328.00,17454.00,Business Professionals,Desktop,Asia,Video,54107.00,24162.00,7.50,3843.25%
Campaign_361,Advertisement,3/29/2024,7/27/2024,105203,17311.00,2368.00,13718.00,General Public,Desktop,Africa,Carousel,72120.00,17455.00,5.79,2724.16%
Campaign_362,Email,2/15/2024,6/17/2024,358739,31399.00,2213.00,41189.00,General Public,Desktop,Africa,Video,8128.00,50493.00,18.61,2258.86%
Campaign_363,Social Media,3/20/2024,3/3/2024,366688,34953.00,757.00,37302.00,Youth,Tablet,Africa,Carousel,45903.00,22900.00,49.28,-3860.92%
Campaign_364,Email,5/15/2024,7/29/2024,213271,31058.00,2289.00,49305.00,Adults,Desktop,Africa,Video,38170.00,21024.00,21.54,-5735.93%
Campaign_365,Advertisement,6/20/2024,6/2/2024,444233,35279.00,4407.00,31233.00,Business Professionals,Mobile,North America,Carousel,40034.00,74115.00,7.09,13729.71%
Campaign_366,Social Media,2/25/2024,7/22/2024,62647,33939.00,1345.00,47467.00,General Public,Desktop,Asia,Carousel,5817.00,79032.00,35.29,6649.88%
Campaign_367,Email,6/17/2024,6/3/2024,21185,14923.00,629.00,9598.00,Adults,Desktop,Europe,Carousel,79661.00,96810.00,15.26,90864.76%
Campaign_368,Social Media,6/13/2024,7/26/2024,135060,33597.00,843.00,22380.00,Youth,Mobile,Africa,Text,54406.00,58882.00,26.55,16310.10%
Campaign_369,Advertisement,5/27/2024,2/24/2024,279706,22140.00,3828.00,29998.00,Adults,Desktop,Asia,Image,14473.00,58227.00,7.84,9410.29%
Campaign_370,Social Media,7/29/2024,1/24/2024,438040,46547.00,879.00,2221.00,Adults,Desktop,South America,Video,78825.00,36644.00,2.53,154988.74%
Campaign_371,Advertisement,8/3/2024,7/18/2024,449032,8996.00,2486.00,33598.00,Youth,Desktop,Europe,Video,52335.00,90057.00,13.51,16804.27%
Campaign_372,Email,7/18/2024,6/13/2024,178577,2259.00,2072.00,13340.00,Business Professionals,Desktop,Oceania,Carousel,39389.00,94243.00,6.44,60646.93%
Campaign_373,Advertisement,1/16/2024,5/15/2024,249891,31592.00,1496.00,2651.00,Youth,Desktop,Asia,Text,53555.00,67256.00,1.77,243700.49%
Campaign_374,Social Media,1/26/2024,2/6/2024,282196,28812.00,809.00,12055.00,General Public,Tablet,Asia,Text,99307.00,64828.00,14.90,43776.86%
Campaign_375,Social Media,2/19/2024,2/29/2024,18135,41710.00,506.00,4640.00,Business Professionals,Mobile,Asia,Video,11245.00,41258.00,9.17,78918.10%
Campaign_376,Email,4/22/2024,1/15/2024,10372,21372.00,2849.00,17885.00,Youth,Tablet,South America,Video,86647.00,36938.00,6.28,10653.06%
Campaign_377,Advertisement,1/19/2024,4/24/2024,307902,15193.00,736.00,13262.00,Adults,Tablet,North America,Image,68672.00,70487.00,18.02,43149.60%
Campaign_378,Email,4/24/2024,7/27/2024,446063,39773.00,4547.00,40063.00,Seniors,Tablet,South America,Image,50920.00,38347.00,8.81,-428.33%
Campaign_379,Advertisement,6/11/2024,3/22/2024,130602,47587.00,755.00,13564.00,Business Professionals,Tablet,South America,Image,26436.00,44216.00,17.97,22598.05%
Campaign_380,Email,3/19/2024,2/12/2024,110576,29848.00,3997.00,43135.00,Adults,Desktop,Europe,Video,35263.00,86615.00,10.79,10079.98%
Campaign_381,Social Media,5/18/2024,4/10/2024,328922,24386.00,1496.00,38236.00,Adults,Mobile,North America,Video,98020.00,78384.00,25.56,10500.05%
Campaign_382,Social Media,6/15/2024,7/29/2024,99344,3811.00,3547.00,38286.00,Youth,Mobile,Africa,Carousel,16371.00,67811.00,10.79,7711.70%
Campaign_383,Social Media,5/15/2024,1/20/2024,365445,28235.00,1493.00,14230.00,Youth,Desktop,South America,Video,7704.00,13892.00,9.53,-237.53%
Campaign_384,Social Media,5/25/2024,1/18/2024,137360,36549.00,2018.00,5856.00,Adults,Mobile,North America,Image,39658.00,74685.00,2.90,117535.86%
Campaign_385,Advertisement,3/4/2024,4/20/2024,103264,28094.00,2388.00,37278.00,Youth,Mobile,Asia,Text,38871.00,55033.00,15.61,4762.86%
Campaign_386,Advertisement,4/11/2024,2/20/2024,136215,31583.00,2420.00,45839.00,Youth,Tablet,Oceania,Carousel,65381.00,64587.00,18.94,4089.97%
Campaign_387,Email,5/28/2024,1/26/2024,210305,25663.00,3518.00,10230.00,General Public,Desktop,Europe,Image,30163.00,11555.00,2.91,1295.21%
Campaign_388,Advertisement,8/9/2024,2/6/2024,447311,40277.00,1788.00,22130.00,Seniors,Mobile,Europe,Video,46845.00,84364.00,12.38,28122.01%
Campaign_389,Advertisement,8/15/2024,1/6/2024,250874,11106.00,802.00,29274.00,Seniors,Desktop,Europe,Video,49981.00,10916.00,36.50,-6271.09%
Campaign_390,Advertisement,2/21/2024,7/13/2024,446528,33232.00,712.00,18950.00,Youth,Mobile,Oceania,Text,45558.00,43471.00,26.62,12939.84%
Campaign_391,Social Media,1/27/2024,6/16/2024,468198,29513.00,1014.00,40827.00,Seniors,Tablet,Africa,Video,68688.00,77586.00,40.26,9003.60%
Campaign_392,Advertisement,3/12/2024,5/26/2024,244797,15550.00,709.00,24848.00,Seniors,Mobile,North America,Video,61425.00,66146.00,35.05,16620.25%
Campaign_393,Email,8/2/2024,8/10/2024,472143,21398.00,1497.00,44024.00,General Public,Desktop,Europe,Image,88974.00,75586.00,29.41,7169.27%
Campaign_394,Social Media,7/10/2024,2/12/2024,435496,46736.00,2178.00,1095.00,Adults,Desktop,North America,Text,92613.00,75052.00,0.50,675406.39%
Campaign_395,Social Media,2/7/2024,2/13/2024,348861,40817.00,1578.00,25849.00,Youth,Tablet,Oceania,Video,13448.00,73057.00,16.38,18262.99%
Campaign_396,Social Media,7/19/2024,7/29/2024,186807,7803.00,3346.00,26313.00,Business Professionals,Tablet,Asia,Image,63798.00,27810.00,7.86,568.92%
Campaign_397,Advertisement,3/17/2024,1/17/2024,212921,8383.00,2763.00,14691.00,Adults,Mobile,South America,Video,19172.00,76004.00,5.32,41735.08%
Campaign_398,Email,1/21/2024,1/12/2024,450172,36603.00,1317.00,2633.00,General Public,Tablet,Europe,Text,76397.00,50672.00,2.00,182449.68%
Campaign_399,Advertisement,6/24/2024,2/8/2024,40081,46302.00,1672.00,29160.00,Business Professionals,Mobile,Europe,Video,72351.00,11157.00,17.44,-6173.87%
Campaign_400,Social Media,6/1/2024,6/29/2024,417374,6199.00,2412.00,9798.00,Business Professionals,Mobile,South America,Video,60714.00,76196.00,4.06,67766.89%
Campaign_401,Email,8/2/2024,8/5/2024,159911,22305.00,3772.00,5539.00,General Public,Tablet,Oceania,Text,25242.00,49264.00,1.47,78940.24%
Campaign_402,Social Media,7/22/2024,5/12/2024,477841,43044.00,596.00,7340.00,Adults,Desktop,Asia,Text,58642.00,66399.00,12.32,80461.85%
Campaign_403,Email,6/16/2024,1/8/2024,43424,8894.00,595.00,47361.00,Seniors,Tablet,South America,Carousel,59728.00,46985.00,79.60,-79.39%
Campaign_404,Email,7/14/2024,5/30/2024,231347,40123.00,3328.00,36164.00,Business Professionals,Tablet,Oceania,Carousel,47035.00,85406.00,10.87,13616.30%
Campaign_405,Email,4/21/2024,7/15/2024,84021,37234.00,4959.00,17962.00,Adults,Mobile,North America,Image,81208.00,91952.00,3.62,41192.52%
Campaign_406,Email,2/5/2024,3/20/2024,23522,6113.00,1183.00,7528.00,Seniors,Tablet,South America,Carousel,66241.00,87682.00,6.36,106474.50%
Campaign_407,Social Media,1/29/2024,7/30/2024,229849,47169.00,4982.00,29625.00,Business Professionals,Tablet,South America,Text,97727.00,30341.00,5.95,241.69%
Campaign_408,Advertisement,5/3/2024,7/10/2024,230427,47806.00,3524.00,29464.00,Youth,Tablet,Oceania,Text,63227.00,42833.00,8.36,4537.40%
Campaign_409,Email,6/14/2024,6/28/2024,312897,2847.00,1007.00,15781.00,Adults,Desktop,Oceania,Text,51552.00,88541.00,15.67,46106.08%
Campaign_410,Social Media,5/20/2024,4/3/2024,355078,47316.00,260.00,19212.00,Business Professionals,Tablet,Europe,Video,21286.00,35112.00,73.89,8276.08%
Campaign_411,Advertisement,4/7/2024,2/16/2024,178291,32782.00,4112.00,4404.00,Adults,Desktop,South America,Video,15877.00,67054.00,1.07,142257.04%
Campaign_412,Social Media,5/18/2024,4/17/2024,209836,34343.00,2577.00,2895.00,General Public,Mobile,Europe,Video,45209.00,76222.00,1.12,253288.43%
Campaign_413,Email,6/3/2024,3/18/2024,131989,32949.00,3134.00,1280.00,Adults,Tablet,South America,Image,6903.00,53774.00,0.41,410109.38%
Campaign_414,Social Media,3/4/2024,7/9/2024,234203,5262.00,3371.00,49641.00,Adults,Mobile,Europe,Image,71044.00,99510.00,14.73,10045.93%
Campaign_415,Social Media,3/14/2024,5/7/2024,229680,29192.00,1278.00,11886.00,Seniors,Desktop,North America,Image,98576.00,23914.00,9.30,10119.47%
Campaign_416,Advertisement,5/4/2024,2/20/2024,442308,18595.00,2669.00,8649.00,Business Professionals,Tablet,Oceania,Carousel,71102.00,56012.00,3.24,54761.24%
Campaign_417,Social Media,7/4/2024,5/20/2024,294840,3243.00,2140.00,24427.00,Seniors,Tablet,Africa,Text,77735.00,10478.00,11.41,-5710.48%
Campaign_418,Advertisement,7/25/2024,1/13/2024,365296,27402.00,2957.00,31491.00,Adults,Tablet,Africa,Video,15898.00,20370.00,10.65,-3531.49%
Campaign_419,Email,1/2/2024,8/5/2024,148924,5952.00,4602.00,37976.00,Seniors,Tablet,Oceania,Image,6543.00,11918.00,8.25,-6861.70%
Campaign_420,Social Media,5/31/2024,7/29/2024,232462,11997.00,594.00,4861.00,Business Professionals,Mobile,Asia,Carousel,45851.00,33286.00,8.18,58475.62%
Campaign_421,Email,3/18/2024,6/12/2024,87247,4883.00,3205.00,13519.00,Adults,Mobile,Oceania,Text,85282.00,37211.00,4.22,17524.96%
Campaign_422,Social Media,7/28/2024,6/22/2024,101222,9623.00,3022.00,2764.00,Adults,Tablet,Africa,Text,35009.00,86549.00,0.91,303129.52%
Campaign_423,Social Media,2/28/2024,6/3/2024,359503,38778.00,1859.00,9571.00,Business Professionals,Tablet,North America,Video,94440.00,63881.00,5.15,56744.33%
Campaign_424,Social Media,5/18/2024,2/13/2024,277272,31665.00,4069.00,44408.00,Youth,Mobile,Asia,Carousel,69448.00,68467.00,10.91,5417.72%
Campaign_425,Advertisement,3/3/2024,2/23/2024,146290,28919.00,4707.00,3665.00,Business Professionals,Desktop,South America,Text,31844.00,70848.00,0.78,183309.69%
Campaign_426,Advertisement,5/23/2024,8/2/2024,205681,40553.00,652.00,48258.00,Youth,Tablet,South America,Carousel,16648.00,20377.00,74.02,-5777.49%
Campaign_427,Email,4/17/2024,4/25/2024,154965,48660.00,184.00,12758.00,Seniors,Tablet,North America,Image,57295.00,77315.00,69.34,50601.19%
Campaign_428,Social Media,4/28/2024,7/5/2024,10446,12344.00,3019.00,20011.00,Seniors,Desktop,Oceania,Image,84336.00,71206.00,6.63,25583.43%
Campaign_429,Social Media,5/16/2024,7/8/2024,217299,27236.00,3642.00,29651.00,General Public,Mobile,South America,Carousel,33498.00,14183.00,8.14,-5216.69%
Campaign_430,Social Media,4/2/2024,5/22/2024,90216,15452.00,710.00,17227.00,Youth,Tablet,Europe,Image,85145.00,56479.00,24.26,22785.16%
Campaign_431,Email,7/12/2024,3/27/2024,373904,39947.00,3253.00,18026.00,Seniors,Mobile,North America,Image,90940.00,30306.00,5.54,6812.38%
Campaign_432,Social Media,7/13/2024,4/15/2024,295223,1141.00,1600.00,16306.00,Business Professionals,Mobile,Europe,Carousel,66440.00,65993.00,10.19,30471.61%
Campaign_433,Advertisement,4/19/2024,8/12/2024,406167,43818.00,1746.00,37717.00,Seniors,Desktop,Africa,Image,43991.00,83985.00,21.60,12267.15%
Campaign_434,Social Media,3/20/2024,6/4/2024,212840,6287.00,3041.00,32629.00,Adults,Tablet,South America,Text,78488.00,62634.00,10.73,9195.81%
Campaign_435,Social Media,5/8/2024,6/18/2024,107586,45106.00,2307.00,44824.00,Youth,Mobile,North America,Video,56733.00,61224.00,19.43,3658.75%
Campaign_436,Email,3/12/2024,7/24/2024,146381,31426.00,3757.00,8042.00,Adults,Tablet,Europe,Image,42064.00,31626.00,2.14,29326.04%
Campaign_437,Advertisement,1/25/2024,2/28/2024,137435,14910.00,1115.00,6055.00,Business Professionals,Mobile,South America,Video,50326.00,34196.00,5.43,46475.64%
Campaign_438,Advertisement,5/6/2024,3/16/2024,124323,45202.00,3039.00,47828.00,Business Professionals,Mobile,Africa,Carousel,66683.00,52084.00,15.74,889.86%
Campaign_439,Email,3/18/2024,7/15/2024,394674,43770.00,4123.00,10697.00,General Public,Tablet,Europe,Image,75090.00,69125.00,2.59,54620.92%
Campaign_440,Social Media,1/15/2024,8/2/2024,220998,21098.00,191.00,34480.00,Business Professionals,Mobile,Asia,Carousel,91412.00,79628.00,180.52,13093.97%
Campaign_441,Social Media,2/14/2024,3/10/2024,452411,15274.00,1248.00,6696.00,General Public,Tablet,North America,Carousel,32410.00,15322.00,5.37,12882.32%
Campaign_442,Advertisement,1/22/2024,1/11/2024,477056,30306.00,4172.00,29643.00,Youth,Mobile,Oceania,Video,60358.00,44807.00,7.11,5115.54%
Campaign_443,Social Media,7/2/2024,1/14/2024,252805,39906.00,3339.00,11170.00,Business Professionals,Desktop,Asia,Video,33934.00,37261.00,3.35,23358.10%
Campaign_444,Social Media,2/4/2024,6/3/2024,154571,28024.00,3497.00,26468.00,General Public,Desktop,Africa,Image,94592.00,82656.00,7.57,21228.65%
Campaign_445,Email,7/22/2024,7/8/2024,155337,31569.00,1909.00,14818.00,Business Professionals,Desktop,Europe,Carousel,80200.00,72450.00,7.76,38893.24%
Campaign_446,Email,7/7/2024,1/20/2024,17977,25689.00,1103.00,44968.00,Youth,Mobile,Oceania,Text,12547.00,44261.00,40.77,-157.22%
Campaign_447,Advertisement,6/28/2024,3/8/2024,83235,25220.00,4451.00,44687.00,Seniors,Tablet,Asia,Image,45027.00,40251.00,10.04,-992.68%
Campaign_448,Social Media,1/16/2024,6/15/2024,238967,23452.00,3028.00,5459.00,Business Professionals,Desktop,South America,Image,54141.00,93197.00,1.80,160721.74%
Campaign_449,Social Media,6/13/2024,5/25/2024,379063,29815.00,1791.00,43267.00,Business Professionals,Tablet,Africa,Carousel,29980.00,92015.00,24.16,11266.79%
Campaign_450,Social Media,4/20/2024,3/22/2024,372121,2304.00,227.00,42607.00,Adults,Tablet,Oceania,Text,39851.00,49588.00,187.70,1638.46%
Campaign_451,Email,6/28/2024,4/22/2024,30358,48160.00,2505.00,39789.00,Seniors,Desktop,Oceania,Carousel,29095.00,26494.00,15.88,-3341.38%
Campaign_452,Social Media,5/28/2024,2/22/2024,190442,6561.00,2903.00,46407.00,Adults,Mobile,Europe,Image,54796.00,72662.00,15.99,5657.55%
Campaign_453,Email,3/24/2024,1/7/2024,339028,12429.00,1118.00,45830.00,Adults,Desktop,Asia,Video,17980.00,96342.00,40.99,11021.60%
Campaign_454,Advertisement,8/5/2024,4/4/2024,402417,47392.00,931.00,35996.00,Seniors,Desktop,South America,Video,29503.00,12719.00,38.66,-6466.55%
Campaign_455,Email,7/2/2024,4/25/2024,478579,33456.00,1180.00,3021.00,Seniors,Desktop,Oceania,Text,59685.00,91590.00,2.56,293177.76%
Campaign_456,Social Media,1/20/2024,5/26/2024,291755,25708.00,2813.00,6684.00,Youth,Tablet,South America,Video,20417.00,13768.00,2.38,10598.44%
Campaign_457,Advertisement,1/27/2024,7/18/2024,343184,35455.00,1216.00,20245.00,General Public,Mobile,Europe,Carousel,10214.00,72270.00,16.65,25697.70%
Campaign_458,Advertisement,7/4/2024,2/25/2024,136741,22195.00,2623.00,5199.00,Seniors,Tablet,Africa,Text,99325.00,92173.00,1.98,167289.86%
Campaign_459,Email,4/23/2024,8/6/2024,178097,46725.00,4993.00,11487.00,General Public,Mobile,North America,Video,12366.00,16356.00,2.30,4238.70%
Campaign_460,Advertisement,7/22/2024,1/18/2024,439530,33539.00,3569.00,33045.00,Youth,Mobile,Asia,Video,35990.00,24171.00,9.26,-2685.43%
Campaign_461,Advertisement,4/5/2024,5/17/2024,153466,44582.00,3354.00,35808.00,General Public,Desktop,Africa,Carousel,58923.00,79774.00,10.68,12278.26%
Campaign_462,Social Media,1/2/2024,2/20/2024,290446,28051.00,2460.00,24326.00,General Public,Mobile,North America,Image,5413.00,63957.00,9.89,16291.62%
Campaign_463,Advertisement,8/2/2024,1/3/2024,42909,27633.00,2650.00,7428.00,General Public,Desktop,Africa,Carousel,12174.00,24579.00,2.80,23089.66%
Campaign_464,Social Media,6/18/2024,4/10/2024,366923,13068.00,4042.00,10094.00,General Public,Desktop,South America,Video,10392.00,93159.00,2.50,82291.46%
Campaign_465,Social Media,6/5/2024,3/18/2024,493293,27349.00,4868.00,21450.00,Adults,Desktop,Europe,Video,9792.00,21195.00,4.41,-118.88%
Campaign_466,Advertisement,7/26/2024,5/19/2024,435781,31020.00,3274.00,5690.00,Seniors,Mobile,Asia,Image,91904.00,73412.00,1.74,119019.33%
Campaign_467,Advertisement,5/24/2024,2/16/2024,50705,24483.00,2558.00,28422.00,Seniors,Mobile,South America,Carousel,49410.00,61921.00,11.11,11786.29%
Campaign_468,Social Media,7/15/2024,4/13/2024,293919,19720.00,1190.00,39084.00,Seniors,Tablet,Africa,Carousel,60918.00,36225.00,32.84,-731.50%
Campaign_469,Social Media,7/30/2024,3/31/2024,68005,2263.00,1413.00,44092.00,Seniors,Mobile,Africa,Image,9477.00,77995.00,31.20,7689.15%
Campaign_470,Email,3/1/2024,2/19/2024,399568,32306.00,2054.00,11190.00,Youth,Mobile,Oceania,Carousel,72607.00,89027.00,5.45,69559.43%
Campaign_471,Advertisement,8/6/2024,6/5/2024,284876,41330.00,3013.00,45517.00,Seniors,Tablet,Asia,Text,14856.00,60734.00,15.11,3343.15%
Campaign_472,Email,6/8/2024,4/7/2024,408755,36522.00,4676.00,24771.00,General Public,Mobile,South America,Image,57388.00,82198.00,5.30,23183.16%
Campaign_473,Advertisement,4/17/2024,6/12/2024,447262,26220.00,4966.00,14079.00,Seniors,Tablet,South America,Text,46707.00,32985.00,2.84,13428.51%
Campaign_474,Advertisement,5/2/2024,7/31/2024,185080,37629.00,1365.00,19702.00,Adults,Tablet,Asia,Text,26371.00,85448.00,14.43,33370.22%
Campaign_475,Email,4/4/2024,5/20/2024,136546,22367.00,360.00,9824.00,Youth,Mobile,Oceania,Video,60747.00,80443.00,27.29,71884.16%
Campaign_476,Advertisement,1/1/2024,7/22/2024,168229,28447.00,3045.00,3602.00,Adults,Mobile,Europe,Carousel,40498.00,34205.00,1.18,84961.13%
Campaign_477,Advertisement,4/25/2024,2/7/2024,139594,5037.00,1013.00,25692.00,Youth,Desktop,South America,Text,67638.00,59700.00,25.36,13236.81%
Campaign_478,Email,1/21/2024,6/3/2024,476379,9165.00,1285.00,27450.00,Adults,Desktop,Europe,Image,46523.00,44221.00,21.36,6109.65%
Campaign_479,Email,7/3/2024,2/26/2024,60612,4521.00,1889.00,4477.00,Business Professionals,Desktop,Asia,Video,59157.00,82783.00,2.37,174907.30%
Campaign_480,Social Media,2/11/2024,1/20/2024,339015,49191.00,2056.00,31724.00,Business Professionals,Desktop,South America,Image,63109.00,57352.00,15.43,8078.43%
Campaign_481,Email,5/4/2024,6/12/2024,462947,47537.00,3244.00,2603.00,Seniors,Mobile,Europe,Video,27134.00,17423.00,0.80,56934.31%
Campaign_482,Social Media,4/20/2024,5/1/2024,176676,13698.00,4539.00,17536.00,Seniors,Tablet,Asia,Video,43514.00,30325.00,3.86,7293.00%
Campaign_483,Advertisement,1/10/2024,6/7/2024,491623,47101.00,2357.00,30253.00,General Public,Tablet,Oceania,Text,71456.00,28589.00,12.84,-550.03%
Campaign_484,Social Media,2/5/2024,7/25/2024,459521,25757.00,2744.00,29406.00,Adults,Tablet,North America,Image,68974.00,71941.00,10.72,14464.74%
Campaign_485,Advertisement,7/5/2024,6/8/2024,112513,25427.00,2273.00,49275.00,Business Professionals,Tablet,Europe,Carousel,60611.00,18122.00,21.68,-6322.27%
Campaign_486,Social Media,2/23/2024,7/8/2024,189362,41025.00,2873.00,14463.00,Seniors,Desktop,Africa,Text,97248.00,41585.00,5.03,18752.68%
Campaign_487,Advertisement,2/8/2024,2/24/2024,165010,35146.00,4491.00,41310.00,Youth,Desktop,North America,Text,32007.00,43947.00,9.20,638.34%
Campaign_488,Advertisement,5/17/2024,6/6/2024,332918,20678.00,1869.00,28691.00,Seniors,Desktop,North America,Carousel,74431.00,12883.00,15.35,-5509.74%
Campaign_489,Social Media,4/14/2024,1/26/2024,219192,13717.00,2796.00,44516.00,General Public,Tablet,North America,Carousel,44335.00,87941.00,15.92,9754.92%
Campaign_490,Advertisement,4/4/2024,4/9/2024,373234,30097.00,3520.00,29645.00,Business Professionals,Desktop,North America,Text,91215.00,26143.00,8.42,-1181.31%
Campaign_491,Advertisement,2/20/2024,3/17/2024,186467,44550.00,120.00,21247.00,General Public,Mobile,Europe,Video,79828.00,41013.00,177.06,9302.96%
Campaign_492,Advertisement,6/30/2024,7/7/2024,137123,11182.00,3365.00,5855.00,Adults,Mobile,Oceania,Image,32110.00,34532.00,1.74,48978.65%
Campaign_493,Advertisement,6/20/2024,5/31/2024,296608,46950.00,2124.00,42839.00,Youth,Desktop,Oceania,Carousel,41645.00,33230.00,20.17,-2243.05%
Campaign_494,Email,1/1/2024,8/4/2024,480971,47548.00,335.00,20488.00,Business Professionals,Mobile,South America,Image,33728.00,34577.00,61.16,6876.71%
Campaign_495,Advertisement,7/15/2024,6/16/2024,339888,22070.00,4126.00,2337.00,General Public,Mobile,South America,Carousel,56638.00,49535.00,0.57,201959.78%
Campaign_496,Social Media,3/11/2024,7/7/2024,419709,36403.00,3266.00,46209.00,Adults,Mobile,Asia,Carousel,53107.00,43146.00,14.15,-662.86%
Campaign_497,Advertisement,8/7/2024,4/25/2024,129492,5450.00,4873.00,28920.00,Business Professionals,Tablet,Asia,Carousel,51989.00,57987.00,5.93,10050.83%
Campaign_498,Advertisement,2/14/2024,5/28/2024,58916,24943.00,4727.00,3690.00,Adults,Tablet,Europe,Carousel,10315.00,30428.00,0.78,72460.70%
Campaign_499,Email,3/22/2024,4/27/2024,249668,18832.00,509.00,9856.00,Youth,Tablet,Europe,Image,94818.00,69172.00,19.36,60182.63%
Campaign_500,Social Media,7/12/2024,2/12/2024,178045,48686.00,4299.00,36517.00,Adults,Mobile,Europe,Text,54263.00,60741.00,8.49,6633.62%
